
@article{vaswani2017attention,
  author    = {Vaswani, Ashish and Shazeer, Noam and Parmar, Niki and Uszkoreit, Jakob and
               Jones, Llion and Gomez, Aidan N. and Kaiser, Lukasz and Polosukhin, Illia},
  title     = {``{A}ttention {I}s {A}ll {Y}ou {N}eed''},
  year      = {2017},
  url       = {http://arxiv.org/abs/1706.03762},
  journal   = {arXiv},
}
@comment{
  journal   = {CoRR},
  volume    = {abs/1706.03762},
  archivePrefix = {arXiv},
  eprint    = {1706.03762},
  timestamp = {Sat, 23 Jan 2021 01:20:40 +0100},
  biburl    = {https://dblp.org/rec/journals/corr/VaswaniSPUJGKP17.bib},
  bibsource = {dblp computer science bibliography, https://dblp.org}
}

@article{sennrich2019loresnmt,
  author    = {Sennrich, Rico and Zhang, Biao},
  title     = {``{R}evisiting {L}ow-{R}esource {N}eural {M}achine {T}ranslation: {A} {C}ase {S}tudy''},
  year      = {2019},
  url       = {http://arxiv.org/abs/1905.11901},
  journal   = {arXiv},
}
@comment{
  journal   = {CoRR},
  volume    = {abs/1905.11901},
  archivePrefix = {arXiv},
  eprint    = {1905.11901},
  timestamp = {Mon, 03 Jun 2019 13:42:33 +0200},
  biburl    = {https://dblp.org/rec/journals/corr/abs-1905-11901.bib},
  bibsource = {dblp computer science bibliography, https://dblp.org}
}

@article{sennrich2016subword,
  author    = {Sennrich, Rico and Haddow, Barry and Birch, Alexandra},
  title     = {``{N}eural {M}achine {T}ranslation of {R}are {W}ords with {S}ubword {U}nits''},
  year      = {2016},
  url       = {http://arxiv.org/abs/1508.07909},
  journal   = {arXiv},
}
@comment{
  journal   = {CoRR},
  volume    = {abs/1508.07909},
  archivePrefix = {arXiv},
  eprint    = {1508.07909},
  timestamp = {Mon, 13 Aug 2018 16:47:17 +0200},
  biburl    = {https://dblp.org/rec/journals/corr/SennrichHB15.bib},
  bibsource = {dblp computer science bibliography, https://dblp.org}
}

@article{srivastava2014dropout,
  author  = {Srivastava, Nitish and Hinton, Geoffrey and Krizhevsky, Alex and Sutskever, Ilya and Salakhutdinov, Ruslan},
  title   = {``{D}ropout: {A} {S}imple {W}ay to {P}revent {N}eural {N}etworks from {O}verfitting''},
  journal = {Journal of Machine Learning Research},
  year    = {2014},
  volume  = {15},
  number  = {56},
  pages   = {1929-1958},
  url     = {http://jmlr.org/papers/v15/srivastava14a.html}
}

@article{hieber2017sockeye,
  author    = {Hieber, Felix and Domhan, Tobias and Denkowski, Michael and Vilar, David and
               Sokolov, Artem and Clifton, Ann and Post, Matt},
  title     = {``{S}ockeye: {A} {T}oolkit for {N}eural {M}achine {T}ranslation},
  year      = {2017},
  url       = {http://arxiv.org/abs/1712.05690},  
  journal   = {arXiv},
}
@comment{
  journal   = {CoRR},
  volume    = {abs/1712.05690},
  archivePrefix = {arXiv},
  eprint    = {1712.05690},
  timestamp = {Mon, 13 Aug 2018 16:49:03 +0200},
  biburl    = {https://dblp.org/rec/journals/corr/abs-1712-05690.bib},
  bibsource = {dblp computer science bibliography, https://dblp.org}
}

@article{micelibarone2017deep,
  author    = {Miceli Barone, Antonio Valerio and Helcl, Jindrich and Sennrich, Rico and Haddow, Barry and Birch, Alexandra},
  title     = {``{D}eep {A}rchitectures for {N}eural {M}achine {T}ranslation''},
  year      = {2017},
  url       = {http://arxiv.org/abs/1707.07631},  
  journal   = {arXiv},
}
@comment{
  journal   = {CoRR},
  volume    = {abs/1707.07631},
  archivePrefix = {arXiv},
  eprint    = {1707.07631},
  timestamp = {Mon, 13 Aug 2018 16:47:13 +0200},
  biburl    = {https://dblp.org/rec/journals/corr/BaroneHSHB17.bib},
  bibsource = {dblp computer science bibliography, https://dblp.org}
}

@article{johnson2017zeroshot,
  author    = {Johnson, Melvin and Schuster, Mike and Le, Quoc V. and Krikun, Maxim and Wu, Yonghui and
               Chen, Zhifeng and Thorat, Nikhil and Vi{\'{e}}gas, Fernanda B. and Wattenberg, Martin and
	       Corrado, Greg and Hughes, Macduff and Dean, Jeffrey},
  title     = {``{G}oogle's {M}ultilingual {N}eural {M}achine {T}ranslation {S}ystem: {E}nabling {Z}ero-{S}hot {T}ranslation''},
  year      = {2016},
  url       = {http://arxiv.org/abs/1611.04558},
  journal   = {arXiv},
}
@comment{
  journal   = {CoRR},
  volume    = {abs/1611.04558},
  eprint = {1611.04558},
  archivePrefix = {arXiv},
  primaryClass = {cs.CL}
  eprint    = {1611.04558},
  timestamp = {Mon, 13 Aug 2018 16:46:58 +0200},
  biburl    = {https://dblp.org/rec/journals/corr/JohnsonSLKWCTVW16.bib},
  bibsource = {dblp computer science bibliography, https://dblp.org}
}

@article{arivazhagan2019massively,
  author    = {Arivazhagan, Naveen and Bapna, Ankur and Firat, Orhan and Lepikhin, Dmitry and Johnson, Melvin and
               Krikun, Maxim and Chen, Mia Xu and Cao, Yuan and Foster, George F. and Cherry, Colin and
	       Macherey, Wolfgang and Chen, Zhifeng and Wu, Yonghui},
  title     = {``{M}assively {M}ultilingual {N}eural {M}achine {T}ranslation in the {W}ild: {F}indings and {C}hallenges''},
  year      = {2019},  
  url       = {http://arxiv.org/abs/1907.05019},
  journal   = {arXiv},
}
@comment{
  journal   = {CoRR},
  volume    = {abs/1907.05019},
  archivePrefix = {arXiv},
  eprint    = {1907.05019},
  timestamp = {Thu, 14 Jan 2021 12:12:19 +0100},
  biburl    = {https://dblp.org/rec/journals/corr/abs-1907-05019.bib},
  bibsource = {dblp computer science bibliography, https://dblp.org}
}

@article{kudugunta2019investigating,
  author    = {Kudugunta, Sneha Reddy and Bapna, Ankur and Caswell, Isaac and Arivazhagan, Naveen and Firat, Orhan},
  title     = {``{I}nvestigating {M}ultilingual {NMT} {R}epresentations at {S}cale''},
  year      = {2019},
  url       = {https://arxiv.org/abs/1909.02197},
  journal   = {arXiv},
}
@comment{
  journal   = {CoRR},
  volume    = {abs/1909.02197},
  archivePrefix = {arXiv},
  eprint    = {1909.02197},
  timestamp = {Mon, 16 Sep 2019 17:27:14 +0200},
  biburl    = {https://dblp.org/rec/journals/corr/abs-1909-02197.bib},
  bibsource = {dblp computer science bibliography, https://dblp.org}
}

@article{fan2020beyond,
  author    = {Fan, Angela and Bhosale, Shruti and Schwenk, Holger and Ma, Zhiyi and El-Kishky, Ahmed and
               Goyal, Siddharth and Baines, Mandeep and Celebi, Onur and Wenzek, Guillaume and Chaudhary, Vishrav and
	       Goyal, Naman and Birch, Tom and Liptchinsky, Vitaliy and Edunov, Sergey and Grave, Edouard and
	       Auli, Michael and Joulin Armand},
  title     = {``{B}eyond {E}nglish-{C}entric {M}ultilingual {M}achine Translation''},
  year      = {2020},
  url       = {https://arxiv.org/abs/2010.11125},
  journal   = {arXiv},
}
@comment{
  eprint    = {2010.11125},
  archivePrefix = {arXiv},
  primaryClass = {cs.CL}
}

@article{zhang2020improving,
  author    = {Zhang, Biao and Williams, Philip and Titov, Ivan and Sennrich, Rico},
  title     = {``{I}mproving {M}assively {M}ultilingual {N}eural {M}achine {T}ranslation and {Z}ero-{S}hot {T}ranslation''},
  year      = {2020},
  url       = {https://arxiv.org/abs/2004.11867},
  journal   = {arXiv},
}
@comment{
  eprint    = {2004.11867},
  archivePrefix = {arXiv},
  primaryClass = {cs.CL}
}

@article{sennrich2015backtrans,
  author    = {Sennrich, Rico and Haddow, Barry and Birch, Alexandra},
  title     = {``{I}mproving {N}eural {M}achine {T}ranslation {M}odels with {M}onolingual {D}ata''}, 
  year      = {2015},
  url       = {http://arxiv.org/abs/1511.06709},
  journal   = {arXiv},
}
@comment{
  journal   = {CoRR},
  volume    = {abs/1511.06709},
  archivePrefix = {arXiv},
  eprint    = {1511.06709},
  timestamp = {Mon, 13 Aug 2018 16:47:05 +0200},
  biburl    = {https://dblp.org/rec/journals/corr/SennrichHB15a.bib},
  bibsource = {dblp computer science bibliography, https://dblp.org}
}

@article{koehnknowles2017,
  author    = {Koehn, Philipp and Knowles, Rebecca},
  title     = {``{S}ix {C}hallenges for {N}eural {M}achine {T}ranslation''}, 
  year      = {2017},
  url       = {http://arxiv.org/abs/1706.03872},
  journal   = {arXiv},
}
@comment{
  journal   = {CoRR},
  volume    = {abs/1706.03872},
  archivePrefix = {arXiv},
  eprint    = {1706.03872},
  timestamp = {Mon, 13 Aug 2018 16:46:17 +0200},
  biburl    = {https://dblp.org/rec/journals/corr/KoehnK17.bib},
  bibsource = {dblp computer science bibliography, https://dblp.org}
}

@book{bonner2001,
  title     = {Introduction to Sicilian Grammar},
  author    = {Bonner, J. K.},
  year      = {2001},
  publisher = {Legas},
  address   = {Brooklyn, NY}
}

@book{cipolla2013,
  title     = {Learn Sicilian, Mparamu lu sicilianu},
  author    = {Cipolla, Gaetano},
  year      = {2013},
  publisher = {Legas},
  address   = {Mineola, NY}
}

@article{tiedemann2012,
  title     = {``{P}arallel {D}ata, {T}ools and {I}nterfaces in {OPUS}''},
  author    = {Tiedemann, Jorg},
  year      = {2012},
  url       = {https://opus.nlpl.eu/},
  journal   = {Proceedings of the 8th International Conference on Language Resources and Evaluation}
}
